@article{Lv_2024, 
title={Distinguishing the Impacts and Gradient Effects of Climate Change and Human Activities on Vegetation Cover in the Weihe River Basin, China}, 
volume={129}, 
ISSN={2169-8961}, 
url={https://doi.org/10.1029/2024JG008297}, 
DOI={10.1029/2024jg008297}, 
number={10}, 
journal={Journal of Geophysical Research: Biogeosciences}, 
publisher={American Geophysical Union (AGU)}, 
author={Lv, Wen‐Bo and Liu, Fang‐Mei and Cai, Kai and Cao, Yue and Deng, Meng‐Ling and Liang, Wei and Yan, Jian‐Wu and Wang, Guang‐Yu}, year
={2024}, 
month=oct
}

@Article{agriculture13091734,
AUTHOR = {Song, Zuxuan and Liu, Fangmei and Lv, Wenbo and Yan, Jianwu},
TITLE = {Classification of Urban Agricultural Functional Regions and Their Carbon Effects at the County Level in the Pearl River Delta, China},
JOURNAL = {Agriculture},
VOLUME = {13},
YEAR = {2023},
NUMBER = {9},
ARTICLE-NUMBER = {1734},
URL = {https://www.mdpi.com/2077-0472/13/9/1734},
ISSN = {2077-0472},
DOI = {10.3390/agriculture13091734}
}

@conference{ ZHCG202309038130,
author = {Song, Zuxuan and Liu, Fangmei and Lv, Wenbo},
title = {Spatiotemporal Characteristics and Optimization Strategies of Urban-Rural Development Disparities in China's Urban Agglomerations(in Chinese)},
publisher = {People's Cities, Empowered by Planning - Proceedings of the 2023 China Urban Planning Annual Conference (14 Regional Planning and Urban Economy)},
year = {2023},
pages = {1418-1429},
URL = {https://link.cnki.net/doi/10.26914/c.cnkihy.2023.061565},
DOI = {10.26914/c.cnkihy.2023.061565}
}