@article{lyu2025gdverse, 
    title={{gdverse}: An {R} Package for Spatial Stratified Heterogeneity Family}, 
    volume={29}, 
    ISSN={1467-9671},
    DOI={10.1111/tgis.70032}, 
    number={2}, 
    journal={Transactions in GIS}, 
    publisher={Wiley}, 
    pages = {29:e70032},
    author={Lv, Wenbo and Lei, Yangyang and Liu, Fangmei and Yan, Jianwu and Song, Yongze and Zhao, Wufan},
    year={2025}, 
    month={mar}
}

@article{lyu2024veg, 
    title={Distinguishing the Impacts and Gradient Effects of Climate Change and Human Activities on Vegetation Cover in the Weihe River Basin, China}, 
    volume={129}, 
    ISSN={2169-8961}, 
    DOI={10.1029/2024jg008297}, 
    number={10}, 
    journal={Journal of Geophysical Research: Biogeosciences}, 
    publisher={American Geophysical Union (AGU)}, 
    author={Lv, WenBo and Liu, FangMei and Cai, Kai and Cao, Yue and Deng, MengLing and Liang, Wei and Yan, JianWu and Wang, GuangYu}, 
    year={2024}
}

@article{chen2025gcrf, 
    title={Predicting pavement cracking performance using laser scanning and geocomplexity‚Äêenhanced machine learning}, 
    ISSN={1467-8667}, 
    DOI={10.1111/mice.13489}, 
    journal={Computer-Aided Civil and Infrastructure Engineering}, 
    publisher={Wiley}, 
    author={Chen, Chunjiang and Song, Yongze and Lv, Wenbo and Shemery, Ammar and Hampson, Keith and Yi, Wen and Zhong, Yun and Wu, Peng}, 
    year={2025}, 
    month={apr}
}

@article{song2023cuafr,
    AUTHOR = {Song, Zuxuan and Liu, Fangmei and Lv, Wenbo and Yan, Jianwu},
    TITLE = {Classification of Urban Agricultural Functional Regions and Their Carbon Effects at the County Level in the Pearl River Delta, China},
    JOURNAL = {Agriculture},
    VOLUME = {13},
    YEAR = {2023},
    NUMBER = {9},
    ARTICLE-NUMBER = {1734},
    ISSN = {2077-0472},
    DOI = {10.3390/agriculture13091734}
}

@conference{song2023cupscos,
    author = {Song, Zuxuan and Liu, Fangmei and Lv, Wenbo},
    title = {Spatiotemporal Characteristics and Optimization Strategies of Urban-Rural Development Disparities in China's Urban Agglomerations(in Chinese)},
    publisher = {People's Cities, Empowered by Planning - Proceedings of the 2023 China Urban Planning Annual Conference (14 Regional Planning and Urban Economy)},
    year = {2023},
    pages = {1418-1429},
    URL = {https://link.cnki.net/doi/10.26914/c.cnkihy.2023.061565}
}